<collection xmlns="http://www.loc.gov/MARC21/slim"><record><leader>00802nam  2200265   450</leader><controlfield tag="001">716</controlfield><controlfield tag="003">http://montalegre.opacnet.com/OPAC/default.aspx?ContentAreaControl=ShowRegHoldings.ascx&amp;RegNo=16662</controlfield><controlfield tag="005">20</controlfield><datafield tag="010" ind1=" " ind2=" "><subfield code="a">972-41-3800-3</subfield></datafield><datafield tag="021" ind1=" " ind2=" "><subfield code="a">PT</subfield><subfield code="b">231069/05</subfield></datafield><datafield tag="100" ind1=" " ind2=" "><subfield code="a">20051122d2004    m  y0pory0103    ba</subfield></datafield><datafield tag="101" ind1="1" ind2=" "><subfield code="a">por</subfield><subfield code="c">eng</subfield></datafield><datafield tag="102" ind1=" " ind2=" "><subfield code="a">PT</subfield></datafield><datafield tag="105" ind1=" " ind2=" "><subfield code="a">y   z   001yy</subfield></datafield><datafield tag="200" ind1="1" ind2=" "><subfield code="a">Mayada</subfield><subfield code="e">filha do Iraque</subfield><subfield code="f">Jean Sasson</subfield><subfield code="g">trad.: Catarina Rocha Lima</subfield><subfield code="g">rev.: Simão Sampaio</subfield></datafield><datafield tag="205" ind1=" " ind2=" "><subfield code="a">4ª ed</subfield></datafield><datafield tag="210" ind1=" " ind2=" "><subfield code="a">Porto</subfield><subfield code="c">Asa</subfield><subfield code="d">2005</subfield></datafield><datafield tag="215" ind1=" " ind2=" "><subfield code="a">318, [10] p.</subfield><subfield code="d">24 cm</subfield></datafield><datafield tag="225" ind1="2" ind2=" "><subfield code="a">Documentos</subfield></datafield><datafield tag="675" ind1=" " ind2=" "><subfield code="a">82-94</subfield></datafield><datafield tag="700" ind1=" " ind2="1"><subfield code="a">Sasson</subfield><subfield code="b">Jean P.</subfield></datafield><datafield tag="702" ind1=" " ind2="1"><subfield code="a">Lima</subfield><subfield code="b">Catarina</subfield><subfield code="4">730</subfield></datafield><datafield tag="702" ind1=" " ind2="1"><subfield code="a">Sampaio</subfield><subfield code="b">Simão</subfield><subfield code="4">675</subfield></datafield><datafield tag="801" ind1=" " ind2="0"><subfield code="a">PT</subfield><subfield code="b">Biblioteca Municipal de Montalegre</subfield><subfield code="g">RPC</subfield></datafield><datafield tag="856" ind1=" " ind2=" "><subfield code="u">locateMedia.asp?cod=20060530113559&amp;ext=jpg</subfield><subfield code="z">CAPA</subfield></datafield><datafield tag="909" ind1="&#9;" ind2=" "><subfield code="a">1</subfield></datafield><datafield tag="966" ind1=" " ind2=" "><subfield code="a">0016143</subfield><subfield code="l">BMM</subfield><subfield code="s">SCG 82-94 SAS may</subfield></datafield></record></collection>